%%% NODEs

@incollection{neural-odes,
title = {{Neural Ordinary Differential Equations}},
author = {Chen, Ricky T. Q. and Rubanova, Yulia and Bettencourt, Jesse and Duvenaud, David K},
booktitle = {Advances in Neural Information Processing Systems 31},
pages = {6571--6583},
year = {2018},
publisher = {Curran Associates, Inc.},
}

@article{E2017,
author = {E, Weinan},
journal = {Commun. Math. Stat.},
number = {1},
pages = {1--11},
publisher = {Springer Berlin Heidelberg},
title = {{A Proposal on Machine Learning via Dynamical Systems}},
volume = {5},
year = {2017}
}

@incollection{latent-odes,
title = {{Latent Ordinary Differential Equations for Irregularly-Sampled Time Series}},
author = {Rubanova, Yulia and Chen, Tian Qi and Duvenaud, David K},
booktitle = {Advances in Neural Information Processing Systems 32},
pages = {5320--5330},
year = {2019},
publisher = {Curran Associates, Inc.},
}

@incollection{gru-ode-bayes,
title = {{GRU-ODE-Bayes: Continuous Modeling of Sporadically-Observed Time Series}},
author = {De Brouwer, Edward and Simm, Jaak and Arany, Adam and Moreau, Yves},
booktitle = {Advances in Neural Information Processing Systems 32},
pages = {7379--7390},
year = {2019},
publisher = {Curran Associates, Inc.},
}

@article{ffjord,
  title={FFJORD: Free-form Continuous Dynamics for Scalable Reversible Generative Models},
  author={Grathwohl, Will and Chen, Ricky T. Q. and Bettencourt, Jesse and Sutskever, Ilya and Duvenaud, David},
  journal={International Conference on Learning Representations},
  year={2019}
}


%%% Adjoint

% neural-odes

@article{pontryagin,
author={Pontryagin, L. S. and Mishchenko, E. F. and Boltyanskii, V. G. and Gamkrelidze, R. V.},
title={The mathematical theory of optimal processes},
year={1962}
}

@article{hager,
author={Hager, William W.},
title={{Runge-Kutta methods in optimal control and the transformed adjoint system}},
journal={Numerische Mathematik},
year={2000},
month={Dec},
day={01},
volume={87},
number={2},
pages={247-282}
}

%%% NSDEs

@incollection{njsde,
title = {{Neural Jump Stochastic Differential Equations}},
author = {Jia, Junteng and Benson, Austin R},
booktitle = {Advances in Neural Information Processing Systems 32},
pages = {9847--9858},
year = {2019},
publisher = {Curran Associates, Inc.},
}

@article{scalable-sde,
  title = 	 {{Scalable Gradients and Variational Inference for Stochastic Differential Equations}},
  author = 	 {Li, Xuechen and Wong, Ting-Kam Leonard and Chen, Ricky T. Q. and Duvenaud, David K.},
  year = 	 {2020},
  journal={{AISTATS}},
}

@article{nsde-basic,
title={{Neural Stochastic Differential Equations: Deep Latent Gaussian Models in the Diffusion Limit}},
author={Tzen, Belinda and Raginsky, Maxim},
year={2019},
journal={arXiv:1905.09883}
}

@article{nsde-normalisation,
title={{Neural SDE: Stabilizing Neural ODE Networks with Stochastic Noise}},
author={Liu, Xuanqing and Xiao, Tesi and Si, Si and Cao, Qin and Kumar, Sanjiv and Hsieh, Cho-Jui},
year={2019},
journal={arXiv:1906.02355}
}

@article{nsde-generative,
title={{Theoretical guarantees for sampling and inference in generative models with latent diffusions}},
author={Tzen, Belinda and Raginsky, Maxim},
year={2019},
journal={COLT}
}

@article{stochasticvectorfield,
title={{Neural ODEs with stochastic vector field mixtures}},
author={Twomey, Niall and Koz{\l}owski, Micha{\l} and Santos-Rodr{\'i}guez, Ra{\'u}l},
year={2019},
journal={arXiv:1905.09905}
}

@article{roughstochasticNF,
title={{Stochastic Normalizing Flows}},
author={Hodgkinson, Liam and van der Heide, Chris and Roosta, Fred and Mahoney, Michael},
year={2020},
journal={arXiv:2002.09547}
}

@article{stochasticnode,
title={{Stochasticity in Neural ODEs: An Empirical Study}},
author={Oganesyan, Viktor and Volokhova, Alexandra and Vetrov, Dmitry},
year={2020},
journal={arXiv:2002.09779}
}

@article{imanol2020sde,
author={Perez Arribas, Imanol and Salvi, Cristopher and Szpruch, Lukasz},
title={{Sig-SDEs model for quantitative finance}},
year={2020},
journal={arXiv:2006.00218}
}

%%% Misc NDEs

@inproceedings{cranmer2020lagrangian,
title={Lagrangian Neural Networks},
author={Miles Cranmer and Sam Greydanus and Stephan Hoyer and Peter Battaglia and David Spergel and Shirley Ho},
booktitle={ICLR 2020 Workshop on Integration of Deep Neural Models and Differential Equations},
year={2020},
}

@article{kidger2020neuralcde,
    author={Kidger, Patrick and Morrill, James and Foster, James and Lyons, Terry},
    title={{Neural Controlled Differential Equations for Irregular Time Series}},
    year={2020},
    journal={arXiv:2005.08926}
}

@article{dissecting,
title={{Dissecting Neural ODEs}},
author={Massaroli, Stefano and Poli, Michael and Park, Jinkyoo and Yamashita, Atsushi and Asama, Hajime},
year={2020},
journal={arXiv:2002.08071}
}

@incollection{deq,
title = {Deep Equilibrium Models},
author = {Bai, Shaojie and Kolter, J. Zico and Koltun, Vladlen},
booktitle = {Advances in Neural Information Processing Systems 32},
pages = {690--701},
year = {2019},
publisher = {Curran Associates, Inc.},
}


%%% Rough analysis

@book{levy-lyons,
author = {Lyons, Terry and Caruana, Michael and Levy, Thierry},
title = {{Differential equations driven by rough paths}},
publisher={Springer},
note={École d'Été de Probabilités de Saint-Flour XXXIV - 2004},
year={2004}
}

@article{friz-victoir,
  title={Multidimensional stochastic processes as rough paths: theory and applications},
  author={Friz, Peter K. and Victoir, Nicolas B.},
  journal={Cambridge University Press},
  year={2010}
}

%%% Numerical SDEs

@phdthesis{jamesthesis,
 title={Numerical approximations for stochastic differential equations},
 author={Foster, James},
 year={2020},
 school={University of Oxford}
}

@phdthesis{gyurkothesis,
 title={Numerical methods for approximating solutions to rough differential equations},
 author={Gyurk{\'o}, Lajos Gergely},
 year={2008},
 school={University of Oxford}
}

%%% Software

@incollection{pytorch,
title = {{PyTorch: An Imperative Style, High-Performance Deep Learning Library}},
author = {Paszke, Adam and Gross, Sam and Massa, Francisco and Lerer, Adam and Bradbury, James and Chanan, Gregory and Killeen, Trevor and Lin, Zeming and Gimelshein, Natalia and Antiga, Luca and Desmaison, Alban and Kopf, Andreas and Yang, Edward and DeVito, Zachary and Raison, Martin and Tejani, Alykhan and Chilamkurthy, Sasank and Steiner, Benoit and Fang, Lu and Bai, Junjie and Chintala, Soumith},
booktitle = {Advances in Neural Information Processing Systems 32},
pages = {8024--8035},
year = {2019},
publisher = {Curran Associates, Inc.},
}

@article{signatory,
    title={{Signatory: differentiable computations of the signature and logsignature transforms, on both CPU and GPU}},
    author={Kidger, Patrick and Lyons, Terry},
    journal={arXiv:2001.00706},
    url={https://github.com/patrick-kidger/signatory},
    year={2020}
}

@misc{torchdiffeq,
	author={Chen, Ricky T. Q.},
	title={torchdiffeq},
	year={2018},
	note={\texttt{https://github.com/rtqichen/torchdiffeq}}
}

%%% Rough analysis for machine learning

@inproceedings{kidger2019deep,
  title={{Deep Signature Transforms}},
  author={Bonnier, Patric and Kidger, Patrick and Perez Arribas, Imanol and Salvi, Cristopher and Lyons, Terry},
  booktitle={Advances in Neural Information Processing Systems},
  pages={3099--3109},
  year={2019}
}

@article{morrill2020generalised,
    title={{A Generalised Signature Method for Time Series}},
    author={James Morrill and Adeline Fermanian and Patrick Kidger and Terry Lyons},
    year={2020},
    journal={arXiv:2006.00873},
}

@article{primer2016,
  title={A primer on the signature method in machine learning},
  author={Chevyrev, I. and Kormilitzin, A.},
  journal={arXiv:1603.03788},
  year={2016}
}

@article{kiraly2019kernels,
  title={Kernels for sequentially ordered data},
  author={Kir{\'a}ly, Franz J and Oberhauser, Harald},
  journal={Journal of Machine Learning Research},
  year={2019}
}